@manual{sigmod_website,
	title = "ACM SIGMOD 2020 Programming Contest",
	url = "http://www.inf.uniroma3.it/db/sigmod2020contest/index.html",
	year   = 2020,
	month = {April}
}

@manual{sigmod_task,
	title = "ACM SIGMOD 2020 Programming Contest task description",
	url = "http://www.inf.uniroma3.it/db/sigmod2020contest/task.html",
	year   = 2020,
	month = {April}
}

@manual{quora,
	title = "Quora Question Pairs",
	url = "https://www.kaggle.com/c/quora-question-pairs",
	year   = 2020,
	month = {April}
}

@manual{quora,
	title = "Avito Duplicate Ads Detection",
	url = "https://www.kaggle.com/c/avito-duplicate-ads-detection",
	year   = 2020,
	month = {April}
}




@inproceedings{nltk,
author = {Loper, Edward and Bird, Steven},
title = {NLTK: The Natural Language Toolkit},
year = {2002},
publisher = {Association for Computational Linguistics},
address = {USA},
url = {https://doi.org/10.3115/1118108.1118117},
doi = {10.3115/1118108.1118117},
booktitle = {Proceedings of the ACL-02 Workshop on Effective Tools and Methodologies for Teaching Natural Language Processing and Computational Linguistics - Volume 1},
pages = {63–70},
numpages = {8},
location = {Philadelphia, Pennsylvania},
series = {ETMTNLP ’02}
}

@inproceedings{lightgbm,
author = {Ke, Guolin and Meng, Qi and Finley, Thomas and Wang, Taifeng and Chen, Wei and Ma, Weidong and Ye, Qiwei and Liu, Tie-Yan},
title = {LightGBM: A Highly Efficient Gradient Boosting Decision Tree},
year = {2017},
isbn = {9781510860964},
publisher = {Curran Associates Inc.},
address = {Red Hook, NY, USA},
booktitle = {Proceedings of the 31st International Conference on Neural Information Processing Systems},
pages = {3149–3157},
numpages = {9},
location = {Long Beach, California, USA},
series = {NIPS’17}
}
  
@inproceedings{hoffer2015deep,
  title={Deep metric learning using triplet network},
  author={Hoffer, Elad and Ailon, Nir},
  booktitle={International Workshop on Similarity-Based Pattern Recognition},
  pages={84--92},
  year={2015},
  organization={Springer}
}

@misc{annoy,
  title = {{ANNOY} library},
  howpublished = {\url{https://github.com/spotify/annoy}},
  note = {Accessed: 2020-04-19},
  year={2020},
}
